<?xml version="1.0" encoding="UTF-8"?><collection xmlns="http://www.loc.gov/MARC21/slim"><record><leader>00558nam--2200181-i-4500</leader><controlfield tag="001">000009456</controlfield><controlfield tag="002">20161230</controlfield><controlfield tag="005">20161230201028</controlfield><controlfield tag="008">060222s1000------------r-----000-0-eng-d</controlfield><datafield ind1=" " ind2=" " tag="040"><subfield code="a">IFIN-HH</subfield></datafield><datafield ind1=" " ind2=" " tag="080"><subfield code="a">536.76:539.124</subfield></datafield><datafield ind1="1" ind2=" " tag="100"><subfield code="a">Groot, S.R.De</subfield></datafield><datafield ind1="1" ind2="0" tag="245"><subfield code="a">The maxwell equations. non-relativistic and relativistic derivations from electron theory</subfield><subfield code="c">S.r. de groot</subfield></datafield><datafield ind1=" " ind2=" " tag="260"><subfield code="a">Amsterdam</subfield><subfield code="b">North-holland Publ.Co</subfield><subfield code="c">1969</subfield></datafield><datafield ind1=" " ind2=" " tag="300"><subfield code="a">179P</subfield></datafield><datafield ind1=" " ind2=" " tag="490"><subfield code="a">Studies In Statistical Mechanics</subfield><subfield code="v">Vol. Iv</subfield></datafield><datafield ind1=" " ind2=" " tag="852"><subfield code="a">17573</subfield><subfield code="c">530.161</subfield></datafield><datafield ind1=" " ind2=" " tag="CAT"><subfield code="a">Sys</subfield><subfield code="c">20130603</subfield><subfield code="h">180654</subfield></datafield></record></collection>